@unpublished{mineracao,
  author = {Luísa Behrens Palmeira and Matheus Parreira Santos},
  title = {Mineração de dados para estudar evasão no curso de Bacharelado em Ciência da Computação da Univerdasidade de Brasília},
  note = {Monografia. {Departamento de Ciência da Computação/}{\textsf{{U}n{B}}}}
}
@Misc{guiaSDL,
  author =   {Lorraine Figueroa},
  title = 	 {Beginner's Guide to SDL},
  howpublished = {Disponível em \url{http://www.brainycode.com/downloads/LearningSDL011.pdf}},
  month = 	 {Novembro},
  year = 	 {2011},
  note = 	 {Acessado em 30 de agosto de 2014}
}
@Misc{labma,
  author =   {Marco Cabral and Paulo Goldfeld},
  title =    {Curso de Álgebra Linear - Fundamentos e aplicações},
  howpublished = {Disponível em \url{http://www.labma.ufrj.br/~mcabral/textos/alglin/CursoAlgLin-livro.pdf}},
  month =    {Outubro},
  year =   {2012},
  note =   {Acessado em 31 de novembro de 2014},
  OPTedition =   {3th},
  publisher =    {Prentice Hall},
}
@Book{poojs,
  author = 	 {Nicholas C. Zakas},
  title = 	 {{Principles of Object-Programming in JavaScript}},
  publisher = 	 {Lean Publishers},
  year = 	 {2014}
}
@Book{cprogramming,
  author =   {Brian W.Kernighan and Dennis M.Ritche},
  title =    {The C Programming Language},
  publisher =    {Prentice Hall},
  OPTedition =   {2th},
  year =   {1988}
}
@Book{sommerville,
  author =   {Ian Sommerville},
  title =    {SOFTWARE ENGINEERING},
  publisher =    {Addison-Wesley},
  OPTedition =   {9th},
  year =   {2011}
}
@Book{algoritmos,
  author =   {Robert Sedgewick and Kevin Wayne},
  title =    {Algorithms},
  OPTedition =   {4th},
  publisher =    {Addison-Wesley},
  year =   {2011}
}
@Misc{sbie2010a,
  author = 	 {Ayla Débora Dantas S. Rebouças and Diego Lopez Marques and Luís Feliphe Silva Costa and Max André de Azevedo Silva},
  title = 	 {Aprendendo a Ensinar Programação Combinando Jogos e Python},
  OPTbooktitle = {Anais do SBIE 2010},
  OPTyear = 	 {2010},
  OPTorganization = {SBC},
  OPTnote = 	 {\url{http://www.br-ie.org/pub/index.php/sbie/issue/view/47}}
}

@Misc{arqsoft,
  author =   {Guilherme Germoglio},
  title =    {Arquitetura de Software},
  year =    {2012},
  howpublished =    {Eletronicamente, \url{http://cnx.org/content/col10722/1.9/}},
  note =   {Acessado em outubro 2016}
}
@Misc{siggraph,
  title =    {ACM SIGGRAPH},
  howpublished = {Eletronicamente, \url{http://www.siggraph.org/about/about-acm-siggraph}},
  note =   {Acessado em outubro 2016}
}
@Misc{wikiogl,
  title = 	 {OpenGL {P}rogramming},
  howpublished = {Eletronicamente, \url{http://en.wikibooks.org/wiki/OpenGL_Programming}},
  note = 	 {Acessado em novembro 2014}
}
@Misc{imediato,
  author = 	 {Luis Valente},
  title = 	 {OpenGL - Um tutorial},
  note = {Dissertação (Mestrado). {Instituto de Computação/}{Universidade Federal Fluminense}},
  year = 	 {2004}
}
@Misc{questionariodef,
  author =   {Henrique Freitas and Mírian Oliveira and Amarolinda Zanela Zaccol and Jean Moscarola},
  title =    {Utilização da Pesquisa de Satisfação de Clientes como Ferramenta para Decisões Gerenciais e Melhoria Contínua},
  note = {Monografia. {Escola de Engenharia/}{Universidade Federal do Rio Grande do Sul}},
  year =   {2000}
}
@Misc{likert,
  author =   {Severino Domingos da Silva Júnior and Francisco José Costa},
  title =    {Mensuração e Escalas de Verificação: uma Análise Comparativa das Escalas de Likert e Phrase Completion},
  note = {Revista Brasileira de Pesquisas de Marketing, Opinião e Mídia},
  year =   {2014}
}
@Misc{aot4,
  author =   {Anton Gerdelan},
  title =    {Anton's {O}penGL 4 {T}utorials},
  howpublished = {Kindle Edition},
  year =   {2014}
}
@Misc{brainstorm,
  author =   {SEBRAE},
  title =    {MANUAL DE FERRAMENTAS DA QUALIDADE},
  howpublished = {Eletronicamente, \url{http://www.dequi.eel.usp.br/~barcza/FerramentasDaQualidadeSEBRAE.pdf}},
  note =   {Acessado em 14 de setembro de 2016},
  year =   {2014}
}
@Misc{resumoAPC,
  author =   {Adriano Joaquim de Oliveira Cruz and Jonas Knopman},
  title =    {Projeto e Desenvolvimento de Algoritmos},
  howpublished = {Eletronicamente, \url{http://equipe.nce.ufrj.br/adriano/algoritmos/apostila/indice.htm}},
  year =   {2001}
}
@Misc{glu,
  author =   {Norman Chin and Chris Frazier and Paul Ho and Zicheng Liu and Kevin P. Smith},
  title =    {The OpenGL Graphics System Utility Library (Version 1.3)},
  note =   {Acessado em 07 de outubro de 2016},
  howpublished = {Disponível em \url{https://www.opengl.org/registry/doc/glu1.3.pdf}}
}
@Misc{playlibgames,
  title =    {\mbox{PlayLib -- {G}aleria de {E}xemplos}},
  note =   {Acessado em 19 de setembro de 2014},
  howpublished = {Disponível em \url{http://playlib.3dgb.com.br/index.php?option=com_k2&view=itemlist&layout=category&task=category&id=2&Itemid=492}}
}
@Book{cgintro,
  author =    {John F. Hughes and Andries Van Dam and Morgan Mcguire and David F. Sklar and James D. Foley and Steven K. Feiner and Kurt Akeley},
  title =    {Computer Graphics Principles and Practice},
  publisher =    {Addison Wesley},
  year =   {2014}
}
@Book{jogoSDL,
  author = 	 {Shaun Mitchell},
  title = 	 {SDL Game Development},
  publisher = 	 {Packt Publishing},
  year = 	 {2013},
  OPTmonth = 	 {june},
  OPTnote = 	 {Cobre SDL 2.0}
}
@Book{apigpu,
  author =   {John Peddie},
  title =    {The History of Visual Magic in Computers},
  publisher =    {Spring Verlag},
  year =   {2013}
}

@Book{openglgame,
  author =   {Kevin Hawkins and Dave Astle},
  title =    {OpenGL Game Programming},
  publisher =    {Prima Tech},
  year =   {2001}
}

@Manual{macintosh,
  title =    {Past, Present, and Future of User Interface Software Tools},
  author =    {BRAD MYERS and  SCOTT E. HUDSON and RANDY PAUSCH},
  month =    {março},
  year =   {2000},
  note =   {ACM Transactions on Computer-Human Interaction, Vol. 7, No. 1},
}
@Manual{nvidia,
  title =    {History and Evolution of GPU Architecture},
  author =    {Chris McClanahan},
  year =   {2010},
  note =   {A Paper Survey},
}
@Manual{expositivo,
  title =    {A Aula Expositiva no Ensino da Contabilidade},
  author =    {Douglas Tavares Borges Leal and Edgard Cornachione Jr.},
  year =   {2006},
  note =   {Contab. Vista \& Rev., v. 17, n. 3, p. 91-113},
}
@Manual{educacao,
  title =    {HISTÓRICO SOBRE O DIREITO DA EDUCAÇÃO NAS CONSTITUIÇÕES BRASILEIRAS},
  author =    {Andreia Sartori and Sérgio Tibiriça},
  year =   {2014},
  note =   {ETIC 2014 - Encontro de Iniciação Científica},
}
@Manual{vulkan,
  title =    {Vulkan Overview},
  author =    {Khronos Group},
  year =   {2016},
  note =   {Eletronicamente \url{https://www.khronos.org/assets/uploads/developers/library/overview/vulkan-overview.pdf}},
}
@Book{chromakey,
  title =    {Computer Vision for Visual Effects},
  author =    {Richard J. Radke},
  publisher =    {Cambridge University Press},
  year =   {2012}
}

@Manual{pybookturtle,
  title =    {Algorithmic Problem Solving with Python},
  author =    {John B. Schneider and Shira Lynn Broschat and Jess Dahmen},
  month =    {maio},
  year =   {2015},
  note =   {\url{http://www.eecs.wsu.edu/~schneidj/PyBook/swan.pdf}},
  OPTannote =    {Acessado em agosto de 2016}
}

@Manual{sketchpad,
  title =    {SKETCHPAD, A MAN-MACHINE GRAPHICAL COMMUNICATION SYSTEM },
  author =    {IVAN EDWARD SUTHERLAND },
  year =   {1963}
}
@Manual{gpu,
  title =    {Graphics Processing Units},
  author =    {Peter Schwabe},
  month =    {março},
  year =   {2013},
  note =   {\url{https://cryptojedi.org/papers/gpus-20130310.pdf}},
  OPTannote =    {Acessado em outubro de 2016}
}
@Book{cookbook,
  author = 	 {Muhammad Mobeen Movania},
  title = 	 {OpenGL Development Cookbook},
  publisher = 	 {Packt Publishing},
  year = 	 {2013}
}
@Book{sb6,
  author = 	 {Graham Sellers and Richard S. Wright Jr and Nicholas Haemel},
  title = 	 {OpenGL SuperBible },
  publisher = 	 {Pearson Education Inc},
  year = 	 {2014},
  edition = 	 {6}
}
@Book{angel6th,
  author = 	 {Edward Angel and Dave Shreiner},
  title = 	 {Interactive Computer Graphics},
  publisher = 	 {Addison-Wesley},
  year = 	 {2012},
  OPTedition = 	 {6th}
}
@Book{opengl8th,
  author = 	 {Dave Shreiner and Graham Sellers and John Kessenich and Bill Licea-Kane},
  title = 	 {OpenGL Programming Guide},
  publisher = 	 {Addison-Wesley},
  year = 	 {2013},
  OPTedition = 	 {8th}
}
@Book{opengl3th,
  author =   {Manson Woo and Jackie Neider and Tom Davis and Dave Shreiner},
  title =    {OpenGL Programming Guide},
  publisher =    {Addison-Wesley},
  year =   {2003},
  OPTedition =   {3th}
}
@Misc{poonirosh,
  title = 	 {Introduction to Object Oriented Programming Concepts (OOP) and More},
  howpublished ={Disponível em \url{http://www.codeproject.com/Articles/22769/Introduction-to-Object-Oriented-Programming-Concep}},
  note = 	 {Acessado em fevereiro de 2014.}
}
@Booklet{poowong,
  title = 	 {{Principles of Object-Oriented Programming}},
  author = 	 {Mark Husband and Dung Nguyen and Stephen Wong},
  year = 	 {2008},
  note =	 {Acessado em setembro 2014 \url{http://florida.theorangegrove.org/og/file/33bf62f3-8ad1-7dde-e23f-6f17aca953c7/1/OOProgramming.pdf}}
}
@Book{poo,
  author =   {Bertrand Meyer},
  title =    {Object-Oriented - Software Construction},
  publisher =    {ISE Inc},
  year =   {1997},
  OPTedition =   {2th},
  OPTmonth =   {January}
}
@Book{opengl4th,
  author =   {Dave Shreiner and Manson Woo and Jackie Neider and Bill Tom Davis},
  title =    {OpenGL Programming Guide},
  publisher =    {Addison-Wesley},
  year =   {2004},
  OPTedition =   {4th}
}
@Book{intrgames,
  author =   {Frans Mäyrä},
  title =    {An introduction to Game Studies - Games in Culture},
  publisher =    {SAGE Publications Ltd },
  year =   {2008}
}
@Book{learnopengl,
  author =   {Joey de Vries},
  title =    {Learn OpenGL - An offline transcript of learnopengl.com},
  publisher =    {Joey de Vries},
  year =   {2015},
  OPTedition =   {2th}
}
@Book{videogamebum,
  author =   {Mark J. P. Wolf},
  title =    {The Video Game Explosion - A history from Pong to Playstation and Beyond},
  publisher =    {Greenwood},
  year =   {2008}
}
@Manual{phong,
  author = {John Lasseter and Pixar},
  title = {MODELS OF LIQrHT REFLECTION FOR COMPUTER SYNTHESIZED PICTURES},
  note = {Article ACM SIGGRAPH Computer Graphics },
  year = {1977}
}
@Manual{curtapixar,
  author = {James F. Blinn},
  title = {PRINCIPLES OF TRADITIONAL ANIMATION APPLIED TO 3D COMPUTER ANIMATION },
  note = {Computer Graphics, Volume 21 },
  year = {1987}
}
@Manual{evopc,
  author = {Gordon Bell},
  title = {Bell’s Law for the Birth and Death of Computer Classes: A theory of the Computer’s Evolution},
  note = {IEEE SSCS NEWS},
  year = {2008}
}
@Manual{hidden,
  author = {John E. Warnock},
  title = {A HIDDEN SURFACE ALGORITHM FOR COMPUTER GENERATED HALFTONE PICTURES},
  note = {Technical Report },
  year = {1969}
}
@Manual{fujitsu,
  author = {Santosh Kumar and Shashi Bhushan Jha and Rupesh Kumar Singh},
  title = {Graphical Process Unit A New Era},
  note = {Journal of Emerging Technologies and Innovative Research },
  year = {2014}
}
@Manual{biblioteca,
  author = {Dongping Huang},
  title = {An analysis of how static and shared libraries affect memory usage on an IP-STB},
  note = {Master of Science Thesis in the Programme Networks and Distributed Systems},
  year = {2010}
}
@Manual{pong,
  author = {Scott Morrison and Nicholas Harrington},
  title = {PONG in Analog},
  note = {Acessado em outubro de 2016 \url{http://web.mit.edu/sdmorr/Public/6.101/labreport-final.pdf}},
  year = {2009}
}
@Manual{subalgoritmo,
  author = {Bruno Tonet and Cristian Koliver},
  title = {Introdução aos algoritmos algoritmos },
  note = {Apostila do Núcleo de Aprendizagem de Programação da Universidade de Caxias do Sul},
  year = {2015}
}
@Manual{renoartigo,
  author = {Reno Medeiros Dantas},
  title = {Um {T}este {C}omparativo entre {O}pen{GL} e {SDL}},
  note = {Monografia. {Departamento de Ciência da Computação/}{\textsf{{U}n{B}}}},
  year = {2012}
}
@Manual{sprite,
  author = {Esteban Walter Gonzalez Clua and João Ricardo Bittencourt},
  title = {Desenvolvimento de Jogos 3D: Concepção, Design e Programação},
  note = {Artigo. {Centro de Ciências Exatas e Tecnológicas/}{\textsf{UNISINOS}}},
  year = {2005}
}
@Manual{CG2D,
  author = {MARCELLO MARINHO RIBEIRO},
  title = {UM ESTUDO DE COMPUTAÇÃO GRÁFICA 2D: MODELAGEM GEOMÉTRICA},
  note = {Monografia. {Departamento de Computação/}{Universidade Católica de Goiás}},
  year = {2012}
}
@Manual{ludico,
  author = {Élia Amaral do Carmo Santos},
  title = {O LÚDICO NO PROCESSO ENSINO-APRENDIZAGEM},
  note = {},
  year = {2010}
}
@Manual{ludicoalgoritmo,
  author = {Adriana da Silva Nogueira and Luiz Alexandre da Silva Rosado},
  title = {FILOSOFIA LOGO E APRENDIZAGEM DE LÓGICA DE PROGRAMAÇÃO EM CURSO SUPERIOR DE INFORMÁTICA},
  note = {Pôster. Programa de Pós-Graduação em Educação (PPGE / UNESA Rio de Janeiro) Eixo 9. Pesquisa, Artes, Mídias e Educação},
  year = {2014}
}
@Manual{johnnyartigo,
  author = {Johnny Ahrens},
  title = {Shader Não Fotorrealístico para Desenho de Mangás},
  note = {Monografia. {Departamento de Ciência da Computação/}{\textsf{{U}n{B}}}},
  year = {2009}
}
@Manual{problemaalgoritmo,
  author = {Anabela de Jesus Gomes},
  title = {Dificuldades de aprendizagem de programação de computadores: contributos para sua compreensão e resolução},
  note = {Monografia. {Departamento de Engenharia Informática/}{Universidade de Coimbra}},
  year = {2010}
}
@Manual{glfw,
  author = {Marcus Geelnard and Camilla Berglund},
  title = {GLFW - Reference guide},
  note = {API version 2.7},
  year = {2010}
}
@Manual{mec,
  author = {Ministério da Educação },
  title =	 {Diretrizes Curriculares dos cursos de Bacharelado em {C}iência da {C}omputação, {E}ngenharia de {C}omputação, Engenharia de Software e Sistemas de Informação},
  institution = {MEC}
}
@Manual{recsbc,
  author = 	 {Sociedade Brasileira de Computação},
  title =	 {Curr{\'\i}culo de {R}eferência da SBC para {C}ursos de {G}raduação em {B}acharelado em {C}iência da {C}omputação e {E}ngenharia de {C}omputação},
  institution =  {SBC},
  year = 	 {2005}
}
@Manual{pppbach,
  author = {Departamento de Ciência da Computação},
  title =	 {Plano Político Pedagógico do Curso de Bacharelado em
                  Ciência da Computação},
  year = {2014}
}
@misc{khan,
  author = {Sal},
  title = {Khan Academy},
  howpublished = {Disponível em \url{https://www.khanacademy.org/}},
  note = {Acessado em 18 de setembro de 2014}
}
@misc{SOIL,
  author = {Jonathan Leigh Dummer},
  title = {Simple OpenGL Image Library},
  howpublished = {Disponível em \url{http://www.lonesock.net/soil.html}},
  note = {Acessado em 16 de agosto de 2016}
}
@misc{ogltutorial,
  author = {Sean Barrett},
  title = {Simple OpenGL Image Library},
  howpublished = {Disponível em \url{http://www.opengl-tutorial.org/beginners-tutorials/tutorial-3-matrices/}},
  note = {Acessado em 16 de agosto de 2016}
}
@misc{alT,
  author = {Viviane Cristina Almada de Oliveira},
  title = {Sobre a produção de significados para a noção de transformação linear em álgebra linear},
  note = {Disseração (mestrado). {Instituto de Geociências e Ciências Exatas/}{UNIVERSIDADE ESTADUAL PAULISTA}}
}
@misc{transrot,
  author = {Mauri C. Nascimento},
  title = {Translação e rotação no plano},
  howpublished = {Disponível em \url{http://wwwp.fc.unesp.br/~mauri/Down/RotaTransla.pdf}},
  note = {Acessado em 24 de novembro de 2014}
}
@misc{aulaRalha,
  author = {José Carlos Loureiro Ralha},
  title = {Transformações},
  howpublished = {Notas de aula de abril de 2012}
  }
@misc{tutoriahorario,
  title = {Fórum de Notícias de Computação Básica - Turma B},
  howpublished = {Disponível em \url{http://aprender.unb.br/mod/forum/discuss.php?d=244209}},
  note = {Acessado em 27 de outubro de 2014}
}
@misc{grok,
  author = {Tara Murphy and James Curran},
  title = {Grok Learning},
  howpublished = {Disponível em \url{https://groklearning.com/}},
  note = {Acessado em 18 de setembro de 2014}
}
@misc{code,
  author = {Hadi Partovi},
  title = {Anybody can learn | Code.org},
  howpublished = {Disponível em \url{http://code.org}},
  note = {Acessado em 28 de agosto de 2014}
}
@misc{playlib,
  author = {Edirlei Soares de Lima and Bruno Feijó},
  title = {Aprendendo a Programar em C com PlayLib},
  howpublished = {Disponível em \url{http://www-di.inf.puc-rio.br/~bfeijo/PlayLib_Doc_v_1_3_0.pdf}},
  institution =  {Departamento de Informática da PUC-Rio},
  year = {2012},
  note = {Acessado em 29 de setembro de 2016}
}
@misc{turtle,
  author = {Felix Friedrich},
  title = {Turtle Grafik},
  howpublished = {Disponível em \url{http://lec.inf.ethz.ch/itet/informatik1/2015/}},
  note = {Acessado em 18 de agosto de 2016}
}
@misc{winbgim,
  author = {Michael Main},
  title = {Borland Graphics Interface (BGI) for Windows},
  howpublished = {Disponível em \url{http://winbgim.codecutter.org/}},
  note = {Acessado em 02 de outubro de 2014}
}
@misc{winbgimGuia,
  author = {Michael Main},
  title = {Guide to Borland Graphics Interface (BGI) for Windows},
  howpublished = {Disponível em \url{http://www.cs.colorado.edu/~main/cs1300/doc/bgi/index.html}},
  note = {Acessado em 02 de outubro de 2014}
}
@misc{borlandc,
  author = {Borland Software Corporation},
  title = {BorlandC},
  howpublished = {Disponível em \url{http://borlandc.org/}},
  note = {Acessado em 02 de outubro de 2014}
}
@misc{processing,
  author = {Ben Fry and Casey Reas},
  title = {Processing.org},
  howpublished = {Disponível em \url{https://processing.org/}},
  note = {Acessado em 31 de setembro de 2015}
}
@misc{processingex,
  author = {Ben Fry and Casey Reas},
  title = {Exhibition Archives - Processing.org},
  howpublished = {Disponível em \url{https://processing.org/exhibition/}},
  note = {Acessado em 31 de setembro de 2015}
}
@misc{processingdown,
  author = {Ben Fry and Casey Reas},
  title = {Download Processing - Processing.org},
  howpublished = {Disponível em \url{https://processing.org/download/}},
  note = {Acessado em 31 de setembro de 2015}
}
@misc{processingjava,
  author = {Elie Zananiri},
  title = {Processing Library Template},
  howpublished = {Disponível em \url{https://github.com/processing/processing-library-template}},
  note = {Acessado em 31 de setembro de 2015}
}
@misc{processinglivro,
  author = {Ben Fry and Casey Reas},
  title = {Processing Books},
  howpublished = {Disponível em \url{https://processing.org/books/}},
  note = {Acessado em 31 de setembro de 2015}
}